<record><leader>00000cas a22000007a 4500</leader><controlfield tag="001">16935539</controlfield><controlfield tag="008">871104d18941901inudn ne      0    0eng d</controlfield><datafield ind1=" " ind2=" " tag="010"><subfield code="a">sn 87056813 </subfield></datafield><datafield ind1=" " ind2=" " tag="040"><subfield code="a">NPI</subfield><subfield code="b">eng</subfield><subfield code="c">NPI</subfield><subfield code="d">OCLCQ</subfield></datafield><datafield ind1=" " ind2=" " tag="042"><subfield code="a">msc</subfield></datafield><datafield ind1="0" ind2="4" tag="082"><subfield code="a">070</subfield></datafield><datafield ind1="0" ind2=" " tag="130"><subfield code="a">Morning news (Marion, Ind.)</subfield></datafield><datafield ind1="1" ind2="4" tag="245"><subfield code="a">The morning news.</subfield></datafield><datafield ind1=" " ind2=" " tag="260"><subfield code="a">Marion, Ind. :</subfield><subfield code="b">[s.n.]</subfield></datafield><datafield ind1=" " ind2=" " tag="310"><subfield code="a">Daily (except Mon.)</subfield></datafield><datafield ind1="1" ind2=" " tag="362"><subfield code="a">Began in 1894; ceased in Nov. 1901.</subfield></datafield><datafield ind1=" " ind2=" " tag="580"><subfield code="a">Also published a weekly/semiweekly ed. called: Grant County news (Marion, Ind.).</subfield></datafield><datafield ind1=" " ind2=" " tag="588"><subfield code="a">Description based on: Vol. 1, no. 209 (July 11, 1895).</subfield></datafield><datafield ind1=" " ind2=" " tag="588"><subfield code="a">Latest issue consulted: Vol. 8, no. 30 (Oct. 1, 1901)</subfield></datafield><datafield ind1=" " ind2=" " tag="752"><subfield code="a">United States</subfield><subfield code="b">Indiana</subfield><subfield code="c">Grant</subfield><subfield code="d">Marion.</subfield></datafield><datafield ind1="1" ind2=" " tag="775"><subfield code="t">Grant County news (Marion, Ind.)</subfield><subfield code="w">(DLC)sn 87055068</subfield></datafield><datafield ind1="0" ind2="4" tag="780"><subfield code="t">Marion daily bulletin</subfield></datafield><datafield ind1="0" ind2="7" tag="785"><subfield code="t">Marion tribune (Marion, Ind.)</subfield><subfield code="w">(DLC)sn 87056814</subfield></datafield><datafield ind1="0" ind2="7" tag="785"><subfield code="t">Marion news-tribune</subfield><subfield code="w">(DLC)sn 87056815</subfield></datafield></record>